<?xml version="1.0" encoding="UTF-8"?><record xmlns="http://www.loc.gov/MARC21/slim" xmlns:cinclude="http://apache.org/cocoon/include/1.0" xmlns:zs="http://www.loc.gov/zing/srw/">
  <leader>00617nz  a2200181n  4500</leader>
  <controlfield tag="001">no2015146752</controlfield>
  <controlfield tag="003">DLC</controlfield>
  <controlfield tag="005">20151103073545.0</controlfield>
  <controlfield tag="008">151102n| azannaabn          |a aaa     c</controlfield>
  <datafield tag="010" ind1=" " ind2=" ">
    <subfield code="a">no2015146752</subfield>
  </datafield>
  <datafield tag="035" ind1=" " ind2=" ">
    <subfield code="a">(OCoLC)oca10310865</subfield>
  </datafield>
  <datafield tag="040" ind1=" " ind2=" ">
    <subfield code="a">ICrlF</subfield>
    <subfield code="b">eng</subfield>
    <subfield code="e">rda</subfield>
    <subfield code="c">ICrlF</subfield>
  </datafield>
  <datafield tag="046" ind1=" " ind2=" ">
    <subfield code="k">2013</subfield>
  </datafield>
  <datafield tag="100" ind1="1" ind2=" ">
    <subfield code="a">Bonwill, Ann.</subfield>
    <subfield code="t">I am not a copycat!</subfield>
    <subfield code="l">French</subfield>
  </datafield>
  <datafield tag="377" ind1=" " ind2=" ">
    <subfield code="a">fre</subfield>
  </datafield>
  <datafield tag="381" ind1=" " ind2=" ">
    <subfield code="a">Pilotto</subfield>
  </datafield>
  <datafield tag="400" ind1="1" ind2=" ">
    <subfield code="a">Bonwill, Ann.</subfield>
    <subfield code="t">Je ne suis pas une copieuse</subfield>
  </datafield>
  <datafield tag="670" ind1=" " ind2=" ">
    <subfield code="a">Bonwill, Ann. Je ne suis pas une copieuse, 2013 :</subfield>
    <subfield code="b">p. facing t.p. (I am not a copycat!, originally published in English) t.p. (texte français d'Hélène Pilotto)</subfield>
  </datafield>
</record>